<record><leader>00000cas a2200000 a 4500</leader><controlfield tag="001">10944151</controlfield><controlfield tag="008">840713d19151916njudn ne      0    0eng  </controlfield><datafield ind1=" " ind2=" " tag="010"><subfield code="a">sn 84020506 </subfield></datafield><datafield ind1=" " ind2=" " tag="040"><subfield code="a">DLC</subfield><subfield code="b">eng</subfield><subfield code="c">DLC</subfield><subfield code="d">NJW</subfield><subfield code="d">DLC</subfield><subfield code="d">OCLCQ</subfield><subfield code="d">DLC</subfield><subfield code="d">OCLCQ</subfield></datafield><datafield ind1=" " ind2=" " tag="042"><subfield code="a">pcc</subfield></datafield><datafield ind1=" " ind2=" " tag="043"><subfield code="a">n-us-nj</subfield></datafield><datafield ind1="0" ind2="0" tag="050"><subfield code="a">Newspaper</subfield></datafield><datafield ind1="0" ind2="4" tag="245"><subfield code="a">The Newark eagle and the Newark star.</subfield></datafield><datafield ind1=" " ind2=" " tag="250"><subfield code="a">Morning ed.</subfield></datafield><datafield ind1=" " ind2=" " tag="260"><subfield code="a">Newark, N.J. :</subfield><subfield code="b">Newark Daily Advertiser Pub. Co.,</subfield><subfield code="c">1915-1916.</subfield></datafield><datafield ind1=" " ind2=" " tag="300"><subfield code="a">1 v. :</subfield><subfield code="b">ill.</subfield></datafield><datafield ind1=" " ind2=" " tag="310"><subfield code="a">Daily (except Sunday)</subfield></datafield><datafield ind1="0" ind2=" " tag="362"><subfield code="a">Vol. 9, no. 2747 (Aug. 2, 1915)-v. 10, no. 2902 (Jan. 29, 1916).</subfield></datafield><datafield ind1=" " ind2=" " tag="500"><subfield code="a">"Independent." Cf. Ayer, 1917.</subfield></datafield><datafield ind1=" " ind2=" " tag="530"><subfield code="a">Also issued on microfilm from the Library of Congress, Photoduplication Service.</subfield></datafield><datafield ind1=" " ind2=" " tag="752"><subfield code="a">United States</subfield><subfield code="b">New Jersey</subfield><subfield code="c">Essex</subfield><subfield code="d">Newark.</subfield></datafield><datafield ind1="0" ind2="0" tag="780"><subfield code="t">Newark star</subfield><subfield code="w">(DLC)sn 84020505</subfield><subfield code="w">(OCoLC)10944087</subfield></datafield><datafield ind1="0" ind2="7" tag="785"><subfield code="t">Newark evening star and Newark advertiser</subfield></datafield><datafield ind1="0" ind2="7" tag="785"><subfield code="t">Newark star-eagle</subfield><subfield code="w">(DLC)sn 84020507</subfield><subfield code="w">(OCoLC)10944294</subfield></datafield><datafield ind1="1" ind2=" " tag="029"><subfield code="a">AU@</subfield><subfield code="b">000026222021</subfield></datafield></record>